@article{Wahlgreen2020NonlinearCSTR,
    title = {{Nonlinear Model Predictive Control for an Exothermic Reaction in an Adiabatic CSTR}},
    year = {2020},
    author = {Wahlgreen, Morten Ryberg and Schroll-Fleischer, Eskild and Boiroux, Dimitri and Ritschel, Tobias K S and Wu, Hao and Huusom, Jakob Kj√∏bsted and J{\o}rgensen, John Bagterp},
    keywords = {Adiabatic continuous stirred tank reactor, Exothermic reaction, Multiple steady states, Nonlinear model predictive control, Stochastic differential equations}
}

@techreport{JrgensenRunge-KuttaEquations,
    title = {{Runge-Kutta Methods Lecture 08A: Explicit Runge-Kutta Methods 02686 Scientific Computing for Differential Equations}},
    author = {J{\o}rgensen, John Bagterp}
}

@techreport{JrgensenRunge-KuttaControl,
    title = {{Runge-Kutta Methods Lecture 8B: Order and Stability Conditions, Error Control}},
    author = {J{\o}rgensen, John Bagterp}
}

@techreport{JrgensenScientificEquations,
    title = {{Scientific Computing for Differential Equations Lecture 01A-Overview of models and methods 02686 Scientific Computing for Differential Equations}},
    author = {J{\o}rgensen, John Bagterp}
}

@techreport{JrgensenScientificEquationsb,
    title = {{Scientific Computing for Differential Equations Lecture 02A-The Explicit Euler Method 02686 Scientific Computing for Differential Equations}},
    author = {J{\o}rgensen, John Bagterp}
}

@techreport{JrgensenScientificEquationsc,
    title = {{Scientific Computing for Differential Equations Lecture 02B-Simple Methods and Linear Systems 02686 Scientific Computing for Differential Equations}},
    author = {J{\o}rgensen, John Bagterp}
}

@techreport{JrgensenScientificEquationsd,
    title = {{Scientific Computing for Differential Equations Lecture 02C-The Implicit Euler Method 02686 Scientific Computing for Differential Equations}},
    author = {J{\o}rgensen, John Bagterp}
}

@techreport{JrgensenScientificEquationse,
    title = {{Scientific Computing for Differential Equations Lecture 04B-Order and Stability for some Simple Methods 02686 Scientific Computing for Differential Equations}},
    author = {J{\o}rgensen, John Bagterp}
}

@techreport{JrgensenScientificEquationsf,
    title = {{Scientific Computing for Differential Equations Lecture 06A-Stochastic Differential Equations (SDEs) 02686 Scientific Computing for Differential Equations}},
    author = {J{\o}rgensen, John Bagterp}
}

@techreport{JrgensenScientificEquationsg,
    title = {{Scientific Computing for Differential Equations Lecture 06A-Stochastic Differential Equations (SDEs) 02686 Scientific Computing for Differential Equations}},
    author = {J{\o}rgensen, John Bagterp}
}

@techreport{JrgensenScientificEquationsh,
    title = {{Scientific Computing for Differential Equations Lecture 06B-The Van der Pol Oscillator Problem 02686 Scientific Computing for Differential Equations}},
    author = {J{\o}rgensen, John Bagterp}
}

@techreport{JrgensenScientificEquationsi,
    title = {{Scientific Computing for Differential Equations Lecture 06B-The Van der Pol Oscillator Problem 02686 Scientific Computing for Differential Equations}},
    author = {J{\o}rgensen, John Bagterp}
}

@techreport{JrgensenTestEquations,
    title = {{Test Problems and Linear ODEs Lecture 01-Exercise Slides 02686 Scientific Computing for Differential Equations}},
    author = {J{\o}rgensen, John Bagterp}
}